@comment{x-kbibtex-personnameformatting=<%l><, %f>}

@string{ECAI = {{Proc. of European Conference on Artificial Intelligence}}}

@string{IJCAI = {{Proc. of International Joint Conference on Artificial Intelligence (IJCAI)}}}

@string{JAIR = {{J. Artif. Intell. Res.(JAIR)}}}

@string{AIJ = {{Artificial Intelligence}}}

@string{KEPS = {{Proc. of the ICAPS Workshop on Knowledge Engineering for Planning and Scheduling(KEPS)}}}

@string{ICAPS = {{Proc. of the International Conference on Automated Planning and Scheduling(ICAPS)}}}

@string{IPC = {{Proc. of the International Planning Competition}}}

@string{ECP = {{Proc. of European Conference on Planning}}}

@string{AIPS = {{Proc. of the International Conference on Artificial Intelligence Planning and Scheduling}}}

@string{SOCS = {{Proc. of Annual Symposium on Combinatorial Search}}}

@string{SPARK = {{Proc. of Scheduling and Planning Applications Workshop}}}

@string{SARA = {{Proc. of Symposium on Abstraction, Reformulation, and Approximation}}}

@string{AAAI = {{Proc. of AAAI Conference on Artificial Intelligence}}}

@string{IAAI = {{Proc. of the Innovative Applications of Artificial Intelligence Conference}}}

@string{ICRA = {{Proc. of IEEE International Conference on Robotics and Automaton (ICRA)}}}

@string{IROS = {{Proc. of IEEE International Workshop on Intelligent Robots and Systems (IROS)}}}

@string{AAMAS = {{Proc. of the International Conference on Autonomous Agents and Multi-Agent Systems}}}

@string{UAI = {{Proc. of the International Conference on Uncertainty in Artificial Intelligence}}}

@string{NIPS = {{Advances in Neural Information Processing Systems}}}

@string{ICML = {{Proc. of the International Conference on Machine Learning}}}

@string{ICLR = {{Proc. of the International Conference on Learning Representations}}}

@string{CVPR = {{Proc. of IEEE Conference on Computer Vision and Pattern Recognition}}}

@string{ICASSP = {{Proc. of IEEE Conference on Acoustics, Speech and Signal Processing}}}

@string{IJCCI = {{Proc. of International Joint Conference on Computational Intelligence (IJCCI)}}}

@string{ILP = {{Proc. of International Conference on Inductive Logic Programming ({ILP})}}}

@string{SIGMOD = {{Proc. of the International Conference on Management of Data (SIGMOD)}}}

@inproceedings{XieMH15,
	author = {Xie, Fan and M{\"u}ller, Martin and Holte, Robert},
	bibsource = {dblp computer science bibliography, http://dblp.org},
	biburl = {http://dblp.uni-trier.de/rec/bib/conf/aips/XieMH15},
	booktitle = ICAPS,
	crossref = {DBLP:conf/aips/2015},
	pages = {244--248},
	timestamp = {Wed, 27 May 2015 07:53:18 +0200},
	title = {{Understanding and Improving Local Exploration for {GBFS}}},
	url = {http://www.aaai.org/ocs/index.php/ICAPS/ICAPS15/paper/view/10471},
	year = {2015}
}

@inproceedings{XieH14gbfsle,
	author = {Xie, Fan and M{\"u}ller, Martin and Holte, Robert},
	bibsource = {dblp computer science bibliography, http://dblp.org},
	biburl = {http://dblp.uni-trier.de/rec/bib/conf/aaai/Xie0H14},
	booktitle = AAAI,
	crossref = {DBLP:conf/aaai/2014},
	pages = {2388--2394},
	timestamp = {Fri, 01 Aug 2014 08:17:49 +0200},
	title = {{Adding Local Exploration to Greedy Best-First Search in Satisficing Planning}},
	url = {http://www.aaai.org/ocs/index.php/AAAI/AAAI14/paper/view/8469},
	year = {2014}
}

@inproceedings{ChrpaVM15,
	author = {Chrpa, Luk{\'a}\v{s} and Vallati, Mauro and McCluskey, Thomas L.},
	bibsource = {dblp computer science bibliography, http://dblp.org},
	biburl = {http://dblp.uni-trier.de/rec/bib/conf/ijcai/ChrpaVM15},
	booktitle = IJCAI,
	title = {{On the Online Generation of Effective Macro-Operators}},
	url = {http://ijcai.org/papers15/Abstracts/IJCAI15-221.html},
	year = {2015}
}

@inproceedings{areces2014optimizing,
	author = {Areces, Carlos and Bustos, Facundo and Dominguez, Mart{\'i}n Ariel and Hoffmann, J{\"o}rg},
	booktitle = ICAPS,
	title = {{Optimizing Planning Domains by Automatic Action Schema Splitting}},
	url = {http://www.aaai.org/ocs/index.php/ICAPS/ICAPS14/paper/view/7894},
	year = {2014}
}

@inproceedings{Garcia-DuranFB06,
	address = {Santiago de Compostela, Spain},
	author = {Garc{\'i}a{-}Dur{\'a}n, Roc{\'i}o and Fern{\'a}ndez, Fernando and Borrajo, Daniel},
	bibsource = {dblp computer science bibliography, http://dblp.org},
	booktitle = ILP,
	doi = {10.1007/978-3-540-73847-3_25},
	month = {August 24-27},
	title = {{Combining Macro-operators with Control Knowledge}},
	url = {http://dx.doi.org/10.1007/978-3-540-73847-3_25; http://dblp.uni-trier.de/rec/bib/conf/ilp/Garcia-DuranFB06},
	year = {2006}
}

@inproceedings{xie14type,
	author = {Xie, Fan and M{\"u}ller, Martin and Holte, Robert C. and Imai, Tatsuya},
	bibsource = {dblp computer science bibliography, http://dblp.org},
	booktitle = AAAI,
	title = {{Type-Based Exploration with Multiple Search Queues for Satisficing Planning}},
	url = {http://www.aaai.org/ocs/index.php/AAAI/AAAI14/paper/view/8472; http://dblp.uni-trier.de/rec/bib/conf/aaai/Xie0HI14},
	year = {2014}
}

@inproceedings{stern2010look,
	author = {Stern, Roni and Kulberis, Tamar and Felner, Ariel and Holte, Robert C.},
	bibsource = {dblp computer science bibliography, http://dblp.org},
	booktitle = AAAI,
	title = {{Using Lookaheads with Optimal Best-First Search}},
	url = {http://www.aaai.org/ocs/index.php/AAAI/AAAI10/paper/view/1854; http://dblp.uni-trier.de/rec/bib/conf/aaai/SternKFH10},
	year = {2010}
}

@inproceedings{valenzano10,
	author = {Valenzano, Richard Anthony and Sturtevant, Nathan R. and Schaeffer, Jonathan and Buro, Karen and Kishimoto, Akihiro},
	bibsource = {dblp computer science bibliography, http://dblp.org},
	booktitle = ICAPS,
	title = {{Simultaneously Searching with Multiple Settings: An Alternative to Parameter Tuning for Suboptimal Single-Agent Search Algorithms}},
	url = {http://www.aaai.org/ocs/index.php/ICAPS/ICAPS10/paper/view/1457; http://dblp.uni-trier.de/rec/bib/conf/aips/ValenzanoSSBK10},
	year = {2010}
}

@inproceedings{imai2011novel,
	author = {Imai, Tatsuya and Kishimoto, Akihiro},
	bibsource = {dblp computer science bibliography, http://dblp.org},
	biburl = {http://dblp.uni-trier.de/rec/bib/conf/aaai/ImaiK11},
	booktitle = AAAI,
	title = {{A Novel Technique for Avoiding Plateaus of Greedy Best-First Search in Satisficing Planning}},
	url = {http://www.aaai.org/ocs/index.php/AAAI/AAAI11/paper/view/3561},
	year = {2011}
}

@inproceedings{LipovetzkyG11,
	author = {Lipovetzky, Nir and Geffner, H{\'e}ctor},
	bibsource = {dblp computer science bibliography, http://dblp.org},
	biburl = {http://dblp.uni-trier.de/rec/bib/conf/aips/LipovetzkyG11},
	booktitle = ICAPS,
	title = {{Searching for Plans with Carefully Designed Probes}},
	url = {http://aaai.org/ocs/index.php/ICAPS/ICAPS11/paper/view/2706},
	year = 2011
}

@inproceedings{LipovetzkyG09,
	author = {Lipovetzky, Nir and Geffner, H{\'e}ctor},
	bibsource = {dblp computer science bibliography, http://dblp.org},
	booktitle = ICAPS,
	title = {{Inference and Decomposition in Planning using Causal Consistent Chains}},
	url = {http://aaai.org/ocs/index.php/ICAPS/ICAPS09/paper/view/745; http://dblp.uni-trier.de/rec/bib/conf/aips/LipovetzkyG09},
	year = 2009
}

@inproceedings{NakhostM10,
	author = {Nakhost, Hootan and M{\"u}ller, Martin},
	bibsource = {dblp computer science bibliography, http://dblp.org},
	biburl = {http://dblp.uni-trier.de/rec/bib/conf/aips/NakhostM10},
	booktitle = ICAPS,
	title = {{Action Elimination and Plan Neighborhood Graph Search: Two Algorithms for Plan Improvement}},
	url = {http://www.aaai.org/ocs/index.php/ICAPS/ICAPS10/paper/view/1420},
	year = {2010}
}

@inproceedings{BarrettW93,
	author = {Barrett, Anthony and Weld, Daniel S.},
	bibsource = {dblp computer science bibliography, http://dblp.org},
	biburl = {http://dblp.uni-trier.de/rec/bib/conf/ijcai/BarrettW93},
	booktitle = IJCAI,
	title = {{Characterizing Subgoal Interactions for Planning}},
	year = 1993
}

@inproceedings{nakhost2009monte,
	author = {Nakhost, Hootan and M{\"u}ller, Martin},
	booktitle = IJCAI,
	title = {{Monte-Carlo Exploration for Deterministic Planning}},
	year = {2009}
}

@inproceedings{xie2012planning,
	author = {Xie, Fan and Nakhost, Hootan and M{\"u}ller, Martin},
	booktitle = ICAPS,
	title = {{Planning Via Random Walk-Driven Local Search}},
	year = {2012}
}

@inproceedings{Asai2016,
	address = {Arizona, USA},
	author = {Asai, Masataro and Fukunaga, Alex},
	booktitle = AAAI,
	month = {February},
	owner = {guicho},
	title = {{Tiebreaking Strategies for Classical Planning Using $A^*$ Search}},
	year = {2016}
}

@inproceedings{chrpa2015exploiting,
	author = {Chrpa, Luk{\'a}\v{s} and Siddiqui, Fazlul Hasan},
	booktitle = IJCAI,
	title = {{Exploiting Block Deordering for Improving Planners Efficiency}},
	year = {2015}
}

@inproceedings{vallati2015effective,
	author = {Vallati, Mauro and Hutter, Frank and Chrpa, Luk{\'a}\v{s} and McCluskey, Thomas L.},
	booktitle = IJCAI,
	title = {{On the Effective Configuration of Planning Domain Models}},
	year = {2015}
}

@inproceedings{Kautz92,
	author = {Selman, Bart and Levesque, Hector J and Mitchell, David G and others},
	booktitle = AAAI,
	title = {{A New Method for Solving Hard Satisfiability Problems}},
	year = {1992}
}

@inproceedings{burns2012implementing,
	author = {Burns, Ethan Andrew and Hatem, Matthew and Leighton, Michael J and Ruml, Wheeler},
	booktitle = SOCS,
	title = {{Implementing Fast Heuristic Search Code}},
	year = {2012}
}

@inproceedings{smith2004choosing,
	author = {Smith, David E},
	booktitle = ICAPS,
	title = {{Choosing Objectives in Over-Subscription Planning}},
	year = {2004}
}

@inproceedings{benton2005over,
	author = {Benton, J and Do, Minh Binh and Kambhampati, Subbarao},
	booktitle = IJCAI,
	title = {{Over-Subscription Planning with Numeric Goals}},
	year = {2005}
}

@inproceedings{Asai2015,
	address = {Jerusalem, Israel},
	author = {Asai, Masataro and Fukunaga, Alex},
	booktitle = ICAPS,
	month = {June},
	owner = {guicho},
	title = {{Solving Large-Scale Planning Problems by Decomposition and Macro Generation}},
	year = {2015}
}

@inproceedings{burfoot2006rrt,
	author = {Burfoot, Daniel and Pineau, Joelle and Dudek, Gregory},
	booktitle = ICAPS,
	title = {{RRT-Plan: A Randomized Algorithm for STRIPS Planning}},
	year = {2006}
}

@inproceedings{hall2013faster,
	author = {Hall, David Leo Wright and Cohen, Alon and Burkett, David and Klein, Dan},
	booktitle = ICAPS,
	title = {{Faster Optimal Planning with Partial-Order Pruning}},
	year = {2013}
}

@inproceedings{bernardini2013planning,
	author = {Bernardini, Sara and Porayska-Pomsta, Kaska},
	booktitle = ICAPS,
	title = {{Planning-Based Social Partners for Children with Autism}},
	year = {2013}
}

@inproceedings{valenzano2014comparison,
	author = {Valenzano, Richard Anthony and Schaeffer, Jonathan and Sturtevant, N and Xie, Fan},
	booktitle = ICAPS,
	title = {{A Comparison of Knowledge-Based GBFS Enhancements and Knowledge-Free Exploration}},
	year = {2014}
}

@inproceedings{atramentov2002efficient,
	author = {Atramentov, Anna and LaValle, Steven M},
	booktitle = IRCA,
	title = {{Efficient Nearest Neighbor Searching for Motion Planning}},
	year = {2002}
}

@inproceedings{beckmann1990r,
	author = {Beckmann, Norbert and Kriegel, Hans-Peter and Schneider, Ralf and Seeger, Bernhard},
	booktitle = SIGMOD,
	number = {2},
	title = {{The R*-Tree: An Efficient and Robust Access Method for Points and Rectangles}},
	volume = {19},
	year = {1990}
}

@inproceedings{roussopoulos1995nearest,
	author = {Roussopoulos, Nick and Kelley, Stephen and Vincent, Fr{\'e}d{\'e}ric},
	booktitle = SIGMOD,
	number = {2},
	title = {{Nearest Neighbor Queries}},
	volume = {24},
	year = {1995}
}

@inproceedings{alcazar2011adapting,
	author = {Alc{\'a}zar, Vidal and Veloso, Manuela M. and Borrajo, Daniel},
	booktitle = SOCS,
	title = {{Adapting a Rapidly-Exploring Random Tree for Automated Planning}},
	year = {2011}
}

@inproceedings{kishimoto2009scalable,
	author = {Kishimoto, Akihiro and Fukunaga, Alex and Botea, Adi},
	booktitle = ICAPS,
	title = {{Scalable, Parallel Best-First Search for Optimal Sequential Planning}},
	year = {2009}
}

@inproceedings{holte2010common,
	author = {Holte, Robert C.},
	booktitle = SOCS,
	title = {{Common Misconceptions Concerning Heuristic Search}},
	year = {2010}
}

@inproceedings{bry2011rapidly,
	author = {Bry, Adam and Roy, Nicholas},
	booktitle = IRCA,
	title = {{Rapidly-Exploring Random Belief Trees for Motion Planning Under Uncertainty}},
	year = {2011}
}

@inproceedings{kumar2014tree,
	author = {Kumar, TS and Jung, Sangmook and Koenig, Sven},
	booktitle = ICAPS,
	title = {{A Tree-Based Algorithm for Construction Robots}},
	year = {2014}
}

@inproceedings{erdem2005genome,
	author = {Erdem, Esra and Tillier, Elisabeth},
	booktitle = AAAI,
	title = {{Genome Rearrangement and Planning}},
	year = {2005}
}

@inproceedings{boddy2005course,
	author = {Boddy, Mark S and Gohde, Johnathan and Haigh, Thomas and Harp, Steven A},
	booktitle = ICAPS,
	title = {{Course of Action Generation for Cyber Security Using Classical Planning}},
	year = {2005}
}

@inproceedings{do2008line,
	author = {Do, Minh Binh and Ruml, Wheeler and Zhou, Rong},
	booktitle = AAAI,
	title = {{On-line Planning and Scheduling: An Application to Controlling Modular Printers}},
	year = {2008}
}

@inproceedings{fang2014chance,
	author = {Fang, Cheng and Yu, Peng and Williams, Brian C},
	booktitle = AAAI,
	title = {{Chance-Constrained Probabilistic Simple Temporal Problems}},
	year = {2014}
}

@inproceedings{gerevini2009automatically,
	author = {Gerevini, Alfonso Emilio and Saetti, Alessandro and Vallati, Mauro},
	booktitle = ICAPS,
	title = {{An Automatically Configurable Portfolio-based Planner with Macro-actions: PbP}},
	year = {2009}
}

@inproceedings{coles2011popf2,
	author = {Coles, Amanda and Coles, Andrew and Fox, Maria and Long, Derek},
	booktitle = IPC,
	title = {{POPF2: a Forward-Chaining Partial Order Planner}},
	year = {2011}
}

@inproceedings{srivastava2007domain,
	author = {Srivastava, Biplav and Nguyen, Tuan Anh and Gerevini, Alfonso Emilio and Kambhampati, Subbarao and Do, Minh Binh and Serina, Ivan},
	booktitle = IJCAI,
	title = {{Domain Independent Approaches for Finding Diverse Plans}},
	year = {2007}
}

@inproceedings{goldman2015measuring,
	author = {Goldman, Robert P and Kuter, Ugur},
	booktitle = AAAI,
	title = {{Measuring Plan Diversity: Pathologies in Existing Approaches and A New Plan Distance Metric}},
	year = {2015}
}

@inproceedings{coman2011generating,
	author = {Coman, Alexandra and Mu{\~n}oz-Avila, H{\'e}ctor},
	booktitle = AAAI,
	title = {{Generating Diverse Plans Using Quantitative and Qualitative Plan Distance Metrics}},
	year = {2011}
}

@inproceedings{alhossaini2013instance,
	author = {Alhossaini, Maher A and Beck, J Christopher},
	booktitle = SARA,
	title = {{Instance-Specific Remodelling of Planning Domains by Adding Macros and Removing Operators}},
	year = {2013}
}

@inproceedings{fabre2010cost,
	author = {Fabre, Eric and Jezequel, Lo{\"\i}g and Haslum, Patrik and Thi{\'e}baux, Sylvie},
	booktitle = ICAPS,
	title = {{Cost-Optimal Factored Planning: Promises and Pitfalls}},
	year = {2010}
}

@inproceedings{Asai2014,
	address = {Portsmouth, NH},
	author = {Asai, Masataro and Fukunaga, Alex},
	booktitle = ICAPS,
	month = {June},
	owner = {guicho},
	title = {{Fully Automated Cyclic Planning for Large-Scale Manufacturing Domains}},
	year = {2014}
}

@inproceedings{Amdahl1967,
	author = {Amdahl, Gene M},
	booktitle = {{Proceedings of the April 18-20, 1967, Spring Joint Computer Conference}},
	owner = {guicho},
	title = {{Validity of the Single Processor Approach to Achieving Large Scale Computing Capabilities}},
	url = {http://dl.acm.org/citation.cfm?id=1465560},
	year = {1967}
}

@inproceedings{Bacchus2000,
	__markedentry = {[guicho:6]},
	__note = {pddl is usually credited to mcdermott, either his AI Mag article or the Yalc CS Tech report},
	author = {Bacchus, Fahiem},
	booktitle = IPC,
	owner = {guicho},
	title = {{Subset of {PDDL} for the {AIPS2000} Planning Competition}},
	year = {2000}
}

@inproceedings{Baier2007,
	author = {Baier, Jorge A and Fritz, Christian and McIlraith, Sheila A},
	booktitle = ICAPS,
	owner = {guicho},
	title = {{Exploiting Procedural Domain Control Knowledge in State-of-the-Art Planners}},
	url = {http://www.aaai.org/Papers/ICAPS/2007/ICAPS07-004.pdf},
	year = {2007}
}

@inproceedings{BoteaMS04,
	author = {Botea, Adi and M{\"u}ller, Martin and Schaeffer, Jonathan},
	booktitle = ICAPS,
	title = {{Using Component Abstraction for Automatic Generation of Macro-Actions}},
	year = {2004}
}

@inproceedings{Chrpa2008,
	author = {Chrpa, Luk{\'a}\v{s} and Bart{\'a}k, Roman},
	booktitle = FLAIRS,
	owner = {guicho},
	title = {{Towards Getting Domain Knowledge: Plans Analysis through Investigation of Actions Dependencies}},
	url = {http://www.aaai.org/Papers/FLAIRS/2008/FLAIRS08-122.pdf},
	year = {2008}
}

@inproceedings{chrpa2014mum,
	author = {Chrpa, Luk{\'a}\v{s} and Vallati, Mauro and McCluskey, Thomas L.},
	booktitle = ICAPS,
	title = {{MUM: A Technique for Maximising the Utility of Macro-operators by Constrained Generation and Use}},
	year = {2014}
}

@inproceedings{Chrpa2012,
	author = {Chrpa, Luk{\'a}\v{s} and McCluskey, Thomas L. and Osborne, Hugh},
	booktitle = ICAPS,
	owner = {guicho},
	title = {{Optimizing Plans through Analysis of Action Dependencies and Independencies}},
	url = {http://www.aaai.org/ocs/index.php/ICAPS/ICAPS12/paper/viewPDFInterstitial/4712/4746},
	year = {2012}
}

@inproceedings{CushingKTWM2007,
	author = {Cushing, William and Kambhampati, Subbarao and Talamadupula, Kartik and Weld, Daniel S. and Mausam},
	booktitle = ICAPS,
	title = {{Evaluating Temporal Planning Domains}},
	year = {2007}
}

@inproceedings{Dreo2011,
	__markedentry = {[guicho:]},
	author = {Dr{\'e}o, Johann and Sav{\'e}ant, Pierre and Schoenauer, Marc and Vidal, Vincent},
	booktitle = IPC,
	owner = {guicho},
	title = {{Divide-and-Evolve: The Marriage of Descartes and Darwin}},
	year = {2011}
}

@inproceedings{DraperJCJ1999,
	author = {Draper, D. and Jonsson, Anders and Clements, D. and Joslin, D.},
	booktitle = IJCAI,
	title = {{Cyclic Scheduling}},
	year = {1999}
}

@inproceedings{erol1994,
	author = {Erol, Kutluhan and Hendler, James and Nau, Dana S},
	booktitle = AAAI,
	title = {{HTN Planning: Complexity and Expressivity}},
	year = {1994}
}

@inproceedings{fern2004learning,
	author = {Fern, Alan and Yoon, Sung Wook and Givan, Robert},
	booktitle = ICAPS,
	title = {{Learning Domain-Specific Control Knowledge from Random Walks}},
	year = {2004}
}

@inproceedings{GereviniS98,
	author = {Gerevini, Alfonso Emilio and Schubert, Lenhart K.},
	booktitle = AAAI,
	title = {{Inferring State Constraints for Domain-Independent Planning}},
	year = {1998}
}

@inproceedings{Helmert2009,
	author = {Helmert, Malte and Domshlak, Carmel},
	booktitle = ICAPS,
	owner = {guicho},
	title = {{Landmarks, Critical Paths and Abstractions: What's the Difference Anyway?}},
	url = {http://www.aaai.org/ocs/index.php/ICAPS/ICAPS09/paper/viewPDFInterstitial/735/1107},
	year = {2009}
}

@inproceedings{likhachev2008r,
	author = {Likhachev, Maxim and Stentz, Anthony},
	booktitle = {{Lab Papers (GRASP)}},
	title = {{R* Search}},
	year = {2008}
}

@inproceedings{lipovetzky2014planning,
	author = {Lipovetzky, Nir},
	booktitle = ICAPS,
	title = {{Planning for Mining Operations with Time and Resource Constraints}},
	year = {2014}
}

@inproceedings{nissim2012tunneling,
	author = {Nissim, Raz and Apsel, Udi and Brafman, Ronen I},
	booktitle = ECAI,
	title = {{Tunneling and Decomposition-Based State Reduction for Optimal Planning}},
	year = {2012}
}

@inproceedings{Ochi2013,
	author = {Ochi, Kimitomo and Fukunaga, Alex and Kondo, Chikako and Maeda, Munehiko and Hasegawa, Fumio and Kawano, Yukihiro},
	booktitle = SPARK,
	owner = {guicho},
	title = {{A Steady-State Model for Automated Sequence Generation in a Robotic Assembly System}},
	year = {2013}
}

@inproceedings{parkinson2012application,
	author = {Parkinson, Simon},
	booktitle = ICAPS,
	title = {{The Application of Automated Planning to Machine Tool Calibration}},
	year = {2012}
}

@inproceedings{rintanen2004phase,
	author = {Rintanen, Jussi and others},
	booktitle = ICAPS,
	title = {{Phase Transitions in Classical Planning: An Experimental Study}},
	year = {2004}
}

@inproceedings{Smith1993,
	author = {Smith, Stephen F and Cheng, Cheng-Chung},
	booktitle = AAAI,
	owner = {guicho},
	title = {{Slack-Based Heuristics for Constraint Satisfaction Scheduling}},
	year = {1993}
}

@inproceedings{Vidal2011,
	__markedentry = {[guicho:]},
	author = {Vidal, Vincent},
	booktitle = IPC,
	editor = {{Angel Garc{\i}a-Olaya}, SJ and L{\'o}pez, CL eds.},
	owner = {guicho},
	title = {{{CPT4}: An Optimal Temporal Planner Lost in a Planning Competition without Optimal Temporal Track}},
	year = {2011}
}

@inproceedings{Vidal2011a,
	author = {Vidal, Vincent},
	booktitle = IPC,
	editor = {{Angel Garc{\i}a-Olaya}, SJ and L{\'o}pez, CL eds.},
	owner = {guicho},
	title = {{{YAHSP2}: Keep it Simple, Stupid}},
	year = {2011}
}

@inproceedings{Vidal2014,
	__markedentry = {[guicho:]},
	author = {Vidal, Vincent},
	booktitle = IPC,
	editor = {Vallati, Mauro and Chrpa, Luk{\'a}\v{s} and McCluskey, Thomas L.},
	owner = {guicho},
	title = {{YAHSP3 and YAHSP3-MT in the 8th International Planning Competition}},
	year = {2014}
}

@inproceedings{Vidal2004,
	author = {Vidal, Vincent and others},
	booktitle = ICAPS,
	owner = {guicho},
	title = {{A Lookahead Strategy for Heuristic Search Planning}},
	url = {http://www.aaai.org/Papers/ICAPS/2004/ICAPS04-020.pdf},
	year = {2004}
}

@inproceedings{valenzano2012arvandherd,
	author = {Valenzano, Richard Anthony and Nakhost, Hootan and M{\"u}ller, Martin and Schaeffer, Jonathan and Sturtevant, Nathan R.},
	booktitle = ECAI,
	title = {{ArvandHerd: Parallel Planning with a Portfolio}},
	year = {2012}
}

@inproceedings{cenamor2014ibacop,
	author = {Cenamor, Isabel and de la Rosa, Tom{\'a}s and Fern{\'a}ndez, Fernando},
	booktitle = IPC,
	title = {{IBACOP and IBACOP2 planner}},
	year = {2014}
}

@inproceedings{kelareva2007factored,
	author = {Kelareva, Elena and Buffet, Olivier and Huang, Jinbo and Thi{\'e}baux, Sylvie},
	booktitle = IJCAI,
	title = {{Factored Planning Using Decomposition Trees}},
	year = {2007}
}

@inproceedings{robinson2014query,
	author = {Robinson, Nathan and McIlraith, Sheila A and Toman, David},
	booktitle = SPARK,
	title = {{Query Optimization Revisited: An AI Planning Perspective}},
	year = 2013
}

@inproceedings{Asai2014b,
	address = {Portsmouth, NH},
	author = {Asai, Masataro and Fukunaga, Alex},
	booktitle = KEPS,
	month = {June},
	owner = {guicho},
	title = {{Applying Problem Decomposition to Extremely Large Planning Domains}},
	year = {2014}
}

@inproceedings{Vidal2006,
	author = {Vidal, Vincent and Tabary, S{\'e}bastien},
	booktitle = ICAPS,
	owner = {guicho},
	title = {{The New Version of {CPT}, an Optimal Temporal {POCL} Planner Based on Constraint Programming}},
	year = {2006}
}

@inproceedings{fukunaga2012iterative,
	author = {Fukunaga, Alex and Kishimoto, Akihiro and Botea, Adi},
	booktitle = AAAI,
	title = {{Iterative Resource Allocation for Memory Intensive Parallel Search Algorithms on Clouds, Grids, and Shared Clusters}},
	year = {2012}
}

@inproceedings{PommereningRHB14,
	author = {Pommerening, Florian and R{\"o}ger, Gabriele and Helmert, Malte and Bonet, Blai},
	bibsource = {dblp computer science bibliography, http://dblp.org},
	biburl = {http://dblp.uni-trier.de/rec/bib/conf/aips/PommereningRHB14},
	booktitle = ICAPS,
	title = {{LP-Based Heuristics for Cost-Optimal Planning}},
	url = {http://www.aaai.org/ocs/index.php/ICAPS/ICAPS14/paper/view/7892},
	year = {2014}
}

@inproceedings{ImaiF14,
	author = {Imai, Tatsuya and Fukunaga, Alex},
	bibsource = {dblp computer science bibliography, http://dblp.org},
	biburl = {http://dblp.uni-trier.de/rec/bib/conf/ecai/ImaiF14},
	booktitle = ECAI,
	doi = {10.3233/978-1-61499-419-0-459},
	title = {{A Practical, Integer-Linear Programming Model for the Delete-Relaxation in Cost-Optimal Planning}},
	url = {http://dx.doi.org/10.3233/978-1-61499-419-0-459},
	year = {2014}
}

@inproceedings{TolpinBSFK13,
	author = {Tolpin, David and Beja, Tal and Shimony, Solomon Eyal and Felner, Ariel and Karpas, Erez},
	bibsource = {dblp computer science bibliography, http://dblp.org},
	biburl = {http://dblp.uni-trier.de/rec/bib/conf/ijcai/TolpinBSFK13},
	booktitle = IJCAI,
	title = {{Toward Rational Deployment of Multiple Heuristics in {A}}},
	url = {http://www.aaai.org/ocs/index.php/IJCAI/IJCAI13/paper/view/6651},
	year = {2013}
}

@inproceedings{RogerH10,
	author = {R{\"o}ger, Gabriele and Helmert, Malte},
	bibsource = {dblp computer science bibliography, http://dblp.org},
	biburl = {http://dblp.uni-trier.de/rec/bib/conf/aips/RogerH10},
	booktitle = ICAPS,
	title = {{The More, the Merrier: Combining Heuristic Estimators for Satisficing Planning}},
	url = {http://www.aaai.org/ocs/index.php/ICAPS/ICAPS10/paper/view/1452},
	year = {2010}
}

@inproceedings{benton2010g,
	author = {Benton, J and Talamadupula, Kartik and Eyerich, Patrick and Mattm{\"u}ller, Robert and Kambhampati, Subbarao},
	booktitle = ICAPS,
	title = {{G-Value Plateaus: A Challenge for Planning}},
	year = {2010}
}

@inproceedings{cushing2010cost,
	author = {Cushing, William and Benton, J and Kambhampati, Subbarao},
	booktitle = SOCS,
	title = {{Cost Based Search Considered Harmful}},
	year = {2010}
}

@inproceedings{wilt2011cost,
	author = {Wilt, Christopher Makoto and Ruml, Wheeler},
	booktitle = SOCS,
	title = {{Cost-Based Heuristic Search is Sensitive to the Ratio of Operator Costs}},
	year = {2011}
}

@inproceedings{helmert2008unifying,
	author = {Helmert, Malte and Geffner, H{\'e}ctor},
	booktitle = ICAPS,
	title = {{Unifying the Causal Graph and Additive Heuristics}},
	year = {2008}
}

@inproceedings{edelkamp2001planning,
	author = {Edelkamp, Stefan},
	booktitle = ECP,
	title = {{Planning with Pattern Databases}},
	year = {2001}
}

@inproceedings{haslum2000admissible,
	author = {Haslum, Patrik and Geffner, H{\'e}ctor},
	booktitle = AIPS,
	title = {{Admissible Heuristics for Optimal Planning}},
	year = {2000}
}

@inproceedings{kuffner2000rrt,
	author = {Kuffner, James J and LaValle, Steven M},
	booktitle = IRCA,
	title = {{RRT-Connect: An Efficient Approach to Single-Query Path Planning}},
	year = {2000}
}

@inproceedings{jaillet2011eg,
	author = {Jaillet, L{\'e}onard and Hoffman, Judy and {Van den Berg}, Jur and Abbeel, Pieter and Porta, Josep M and Goldberg, Ken},
	booktitle = IROS,
	title = {{EG-RRT: Environment-Guided Random Trees for Kinodynamic Motion Planning with Uncertainty and Obstacles}},
	year = {2011}
}

@inproceedings{urmson2003approaches,
	author = {Urmson, Chris and Simmons, Reid G},
	booktitle = IROS,
	title = {{Approaches for Heuristically Biasing RRT Growth}},
	year = {2003}
}

@inproceedings{yang1994,
	author = {Yang, Qiang and Bai, Shuo and Qiu, Guiyou},
	booktitle = AIPS,
	title = {{A Framework for Automatic Problem Decomposition in Planning}},
	year = {1994}
}

@inproceedings{NewtonLFL2007,
	author = {Newton, M. H. and Levine, J. and Fox, Maria and Long, Derek},
	booktitle = ICAPS,
	title = {{Learning Macro-Actions for Arbitrary Planners and Domains}},
	year = 2007
}

@inproceedings{fikes1972strips,
	author = {Kautz, Henry and Selman, Bart},
	booktitle = {{AIPS98 Workshop on Planning as Combinatorial Search}},
	title = {{BLACKBOX: A New Approach to the Application of Theorem Proving to Problem Solving}},
	year = {1998}
}

@inproceedings{roberts2014evaluating,
	author = {Roberts, Mark and Howe, A and Ray, Indrajit},
	booktitle = ICAPS,
	title = {{Evaluating Diversity in Classical Planning}},
	year = {2014}
}

@inproceedings{domshlak2013symmetry,
	author = {Domshlak, Carmel and Katz, Michael and Shleyfman, Alexander},
	booktitle = ICAPS,
	title = {{Symmetry Breaking: Satisficing Planning and Landmark Heuristics}},
	year = {2013}
}

@inproceedings{pochter2011exploiting,
	author = {Pochter, Nir and Zohar, Aviv and Rosenschein, Jeffrey S},
	booktitle = AAAI,
	title = {{Exploiting Problem Symmetries in State-Based Planners}},
	year = {2011}
}

@inproceedings{helmert2008good,
	author = {Helmert, Malte and R{\"o}ger, Gabriele},
	booktitle = AAAI,
	title = {{How Good is Almost Perfect?}},
	year = {2008}
}

@inproceedings{helmert2006new,
	author = {Helmert, Malte},
	booktitle = ICAPS,
	title = {{New Complexity Results for Classical Planning Benchmarks}},
	year = {2006}
}

@inproceedings{helmert2006approximation,
	author = {Helmert, Malte and Mattm{\"u}ller, Robert and R{\"o}ger, Gabriele},
	booktitle = ECAI,
	title = {{Approximation Properties of Planning Benchmarks}},
	year = {2006}
}

@inproceedings{hogg2008htn,
	author = {Hogg, Chad and Mu{\~n}oz-Avila, H{\'e}ctor and Kuter, Ugur},
	booktitle = AAAI,
	title = {{HTN-MAKER: Learning HTNs with Minimal Additional Knowledge Engineering Required}},
	year = {2008}
}

@inproceedings{nejati2006learning,
	author = {Nejati, Negin and Langley, Pat and Konik, Tolga},
	booktitle = ICML,
	title = {{Learning Hierarchical Task Networks by Observation}},
	year = {2006}
}

@inproceedings{minton1985selectively,
	author = {Minton, Steven},
	booktitle = IJCAI,
	title = {{Selectively Generalizing Plans for Problem-Solving}},
	year = {1985}
}

@inproceedings{chen2009stratified,
	author = {Chen, Yixin and Xu, You and Yao, Guohui},
	booktitle = IJCAI,
	title = {{Stratified Planning}},
	year = {2009}
}

@inproceedings{brafman2006factored,
	author = {Brafman, Ronen I and Domshlak, Carmel},
	booktitle = AAAI,
	title = {{Factored Planning: How, When, and When Not}},
	year = {2006}
}

@inproceedings{amir2003factored,
	author = {Amir, Eyal and Engelhardt, Barbara},
	booktitle = IJCAI,
	title = {{Factored Planning}},
	year = {2003}
}

@inproceedings{jonsson2007role,
	author = {Jonsson, Anders},
	booktitle = IJCAI,
	title = {{The Role of Macros in Tractable Planning over Causal Graphs}},
	year = {2007}
}

@inproceedings{wang2014tburton,
	author = {Wang, David and Williams, Brian C},
	booktitle = IPC,
	title = {{tBurton: A Divide and Conquer Temporal Planner}},
	year = {2014}
}

@inproceedings{haslum2011gnome,
	author = {Haslum, Patrik},
	booktitle = SPARK,
	title = {{Computing Genome Edit Distances using Domain-Independent Planning}},
	year = {2011}
}

@inproceedings{karpas2012optimal,
	author = {Karpas, Erez and Domshlak, Carmel},
	booktitle = ICAPS,
	title = {{Optimal Search with Inadmissible Heuristics}},
	year = {2012}
}

@inproceedings{Coles04,
	author = {Coles, Andrew and Smith, Amanda},
	booktitle = IPC,
	note = {http://www.tzi.de/~edelkamp/ipc-4/IPC-4.pdf},
	owner = {guicho},
	title = {{Marvin: Macro Actions from Reduced Versions of the Instance}},
	year = {2004}
}

@inproceedings{FoxL99,
	author = {Fox, Maria and Long, Derek},
	booktitle = IJCAI,
	title = {{The Detection and Exploitation of Symmetry in Planning Problems}},
	year = 1999
}

@inproceedings{MarkovitchR92,
	author = {Markovitch, Shaul and Rosdeutscher, Irit},
	booktitle = {{Proceedings of the Workshop on Knowledge Compilation and Speedup Learning}},
	note = {Aberdeen, Scotland},
	title = {{Systematic Experimentation with Deductive Learning: Satisficing vs. Optimizing Search}},
	year = 1992
}

@inproceedings{FrancisR93,
	author = {{Anthony G. Francis}, Jr. and Ram, Ashwin},
	booktitle = {{Proceedings of the Workshop on Knowledge Compilation and Speedup Learning}},
	title = {{Computational Models of the Utility Problem and their Application to a Utility Analysis of Case-Based Reasoning}},
	year = 1993
}

@inproceedings{barker2015limitations,
	author = {Barker, Joseph K and Korf, Richard E.},
	booktitle = AAAI,
	title = {{Limitations of Front-to-End Bidirectional Heuristic Search}},
	year = {2015}
}

@inproceedings{chrpa2009reformulating,
	author = {Chrpa, Luk{\'a}\v{s} and Bart{\'a}k, Roman},
	booktitle = SARA,
	title = {{Reformulating Planning Problems by Eliminating Unpromising Actions}},
	year = {2009}
}

@inproceedings{alcazar2013revisiting,
	author = {Alc{\'a}zar, Vidal and Borrajo, Daniel and Fern{\'a}ndez, Susana and Fuentetaja, Raquel},
	booktitle = IJCAI,
	title = {{Revisiting Regression in Planning}},
	year = {2013}
}

@inproceedings{schulte2014balancing,
	author = {Schulte, Tim and Keller, Thomas},
	booktitle = SOCS,
	title = {{Balancing Exploration and Exploitation in Classical Planning}},
	year = {2014}
}

@inproceedings{richter2008landmarks,
	author = {Richter, Silvia and Helmert, Malte and Westphal, Matthias},
	booktitle = AAAI,
	title = {{Landmarks Revisited}},
	year = {2008}
}

@inproceedings{Valenzano2016,
	author = {Valenzano, Richard Anthony and Xie, Fan},
	booktitle = AAAI,
	title = {{On the Completeness of Best‐First Search Variants that Use Random Exploration}},
	year = {2016}
}

@inproceedings{wehrle2013relative,
	author = {Wehrle, Martin and Helmert, Malte and Alkhazraji, Yusra and Mattm{\"u}ller, Robert},
	booktitle = ICAPS,
	title = {{The Relative Pruning Power of Strong Stubborn Sets and Expansion Core}},
	year = {2013}
}

@inproceedings{wehrle2014efficient,
	author = {Wehrle, Martin and Helmert, Malte},
	booktitle = ICAPS,
	title = {{Efficient Stubborn Sets: Generalized Algorithms and Selection Strategies}},
	year = {2014}
}

@inproceedings{pohl1973avoidance,
	author = {Pohl, Ira},
	booktitle = IJCAI,
	title = {{The Avoidance of (Relative) Catastrophe, Heuristic Competence, Genuine Dynamic Weighting and Computational Issues in Heuristic Problem Solving}},
	year = {1973}
}

@inproceedings{thayer2009using,
	author = {Thayer, Jordan Tyler and Ruml, Wheeler},
	booktitle = ICAPS,
	title = {{Using Distance Estimates in Heuristic Search}},
	year = {2009}
}

@inproceedings{thayer2011bounded,
	author = {Thayer, Jordan Tyler and Ruml, Wheeler},
	booktitle = IJCAI,
	title = {{Bounded Suboptimal Search: A Direct Approach using Inadmissible Estimates}},
	year = {2011}
}

@inproceedings{eyerich2009using,
	author = {Eyerich, Patrick and Mattm{\"u}ller, Robert and R{\"o}ger, Gabriele},
	booktitle = ICAPS,
	title = {{Using the Context-Enhanced Additive Heuristic for Temporal and Numeric Planning}},
	year = {2009}
}

@inproceedings{korf1999divide,
	author = {Korf, Richard E.},
	booktitle = IJCAI,
	title = {{Divide-and-Conquer Bidirectional Search: First Results}},
	year = {1999}
}

@inproceedings{korf2000divide,
	author = {Korf, Richard E. and Zhang, Weixiong},
	booktitle = AAAI,
	title = {{Divide-and-Conquer Frontier Search Applied to Optimal Sequence Alignment}},
	year = {2000}
}

@inproceedings{gerevini2006preferences,
	author = {Gerevini, Alfonso and Long, Derek},
	booktitle = {{ICAPS Workshop on Planning with Preferences and Soft Constraints}},
	pages = {46--53},
	title = {{Preferences and Soft Constraints in PDDL3}},
	year = {2006}
}

@inproceedings{wray2015multi,
	author = {Wray, Kyle Hollins and Zilberstein, Shlomo and Mouaddib, Abdel-Illah},
	booktitle = AAAI,
	pages = {3418--3424},
	title = {{Multi-Objective MDPs with Conditional Lexicographic Reward Preferences}},
	year = {2015}
}

@inproceedings{aghighi2015,
	author = {Aghighi, Meysam and B{\"a}ckstr{\"o}m, Christer},
	booktitle = IJCAI,
	title = {{Cost-Optimal and Net-Benefit Planning--A Parameterised Complexity View}},
	year = {2015}
}

@inproceedings{aghighi2016,
	author = {Aghighi, Meysam and B{\"a}ckstr{\"o}m, Christer},
	booktitle = ICAPS,
	title = {{A Multi-Parameter Complexity Analysis of Cost-Optimal and Net-Benefit Planning}},
	url = {http://www.aaai.org/ocs/index.php/ICAPS/ICAPS16/paper/view/13001},
	year = {2016}
}

@inproceedings{kautz1992planning,
	author = {Kautz, Henry A and Selman, Bart},
	booktitle = ECAI,
	pages = {359--363},
	title = {{Planning as Satisfiability.}},
	volume = {92},
	year = {1992}
}

@inproceedings{richter2011lama,
	author = {Richter, Silvia and Westphal, Matthias and Helmert, Malte},
	booktitle = IPC,
	pages = {117--124},
	title = {{LAMA 2008 and 2011}},
	year = {2011}
}

@unpublished{ip-CC,
	author = {Monnerot-Dumaine, Alexis},
	month = {September},
	title = {{\url{https://commons.wikimedia.org/wiki/File:Amas\_de\_percolation.png} {(CC BY-SA 3.0)}}},
	url = {https://commons.wikimedia.org/wiki/File:Amas\_de\_percolation.png},
	year = {2006}
}

@inproceedings{kocsis2006bandit,
	author = {Kocsis, Levente and Szepesv{\'a}ri, Csaba},
	booktitle = ECML,
	organization = {Springer},
	pages = {282--293},
	title = {{Bandit Based Monte-Carlo Planning}},
	year = {2006}
}

@inproceedings{keller2013trial,
	author = {Keller, Thomas and Helmert, Malte},
	booktitle = ICAPS,
	title = {{Trial-Based Heuristic Tree Search for Finite Horizon MDPs.}},
	year = {2013}
}

@inproceedings{lelis2013stratified,
	author = {Lelis, Levi HS and Zilles, Sandra and Holte, Robert C},
	booktitle = AAMAS,
	organization = {International Foundation for Autonomous Agents and Multiagent Systems},
	pages = {555--562},
	title = {{Stratified Tree Search: A Novel Suboptimal Heuristic Search Algorithm}},
	year = {2013}
}

@inproceedings{kingma2014semi,
	author = {Kingma, Diederik P and Mohamed, Shakir and Rezende, Danilo Jimenez and Welling, Max},
	booktitle = NIPS,
	pages = {3581--3589},
	title = {{Semi-Supervised Learning with Deep Generative Models}},
	year = {2014}
}

@article{hinton2006reducing,
	author = {Hinton, Geoffrey E and Salakhutdinov, Ruslan R},
	journal = {Science},
	number = {5786},
	pages = {504--507},
	publisher = {American Association for the Advancement of Science},
	title = {{Reducing the Dimensionality of Data with Neural Networks}},
	volume = {313},
	year = {2006}
}

@article{bourlard1988auto,
	author = {Bourlard, Herv{\'e} and Kamp, Yves},
	journal = {Biological cybernetics},
	number = {4},
	pages = {291--294},
	publisher = {Springer},
	title = {{Auto-Association by Multilayer Perceptrons and Singular Value Decomposition}},
	volume = {59},
	year = {1988}
}

@article{garnelo2016towards,
	author = {Garnelo, Marta and Arulkumaran, Kai and Shanahan, Murray},
	journal = {arXiv preprint arXiv:1609.05518},
	title = {{Towards Deep Symbolic Reinforcement Learning}},
	year = {2016}
}

@article{JimenezRFFB12,
	author = {Celorrio, Sergio Jim{\'e}nez and de la Rosa, Tom{\'a}s and Fern{\'a}ndez, Susana and Fern{\'a}ndez, Fernando and Borrajo, Daniel},
	bibsource = {dblp computer science bibliography, http://dblp.org},
	biburl = {http://dblp.uni-trier.de/rec/bib/journals/ker/JimenezRFFB12},
	doi = {10.1017/S026988891200001X},
	journal = {Knowledge Eng. Review},
	number = {4},
	pages = {433--467},
	timestamp = {Thu, 31 Oct 2013 17:38:32 +0100},
	title = {{A Review of Machine Learning for Automated Planning}},
	url = {http://dx.doi.org/10.1017/S026988891200001X},
	volume = {27},
	year = {2012}
}

@inproceedings{MouraoZPS12,
	_crossref = {DBLP:conf/uai/2012},
	author = {Mour{\~a}o, Kira and Zettlemoyer, Luke S. and Petrick, Ronald P. A. and Steedman, Mark},
	bibsource = {dblp computer science bibliography, http://dblp.org},
	biburl = {http://dblp.uni-trier.de/rec/bib/conf/uai/MouraoZPS12},
	booktitle = UAI,
	pages = {614--623},
	timestamp = {Wed, 06 May 2015 15:02:54 +0200},
	title = {{Learning {STRIPS} Operators from Noisy and Incomplete Observations}},
	url = {https://dslpitt.org/uai/displayArticleDetails.jsp?mmnu=1&smnu=2&article_id=2322&proceeding_id=28},
	year = {2012}
}

@inproceedings{KonidarisKL14,
	_crossref = {DBLP:conf/aaai/2014},
	author = {Konidaris, George and Kaelbling, Leslie Pack and Lozano{-}P{\'e}rez, Tom{\'a}s},
	bibsource = {dblp computer science bibliography, http://dblp.org},
	biburl = {http://dblp.uni-trier.de/rec/bib/conf/aaai/KonidarisKL14},
	booktitle = AAAI,
	pages = {1932--1938},
	timestamp = {Thu, 31 Jul 2014 09:00:19 +0200},
	title = {{Constructing Symbolic Representations for High-Level Planning}},
	url = {http://www.aaai.org/ocs/index.php/AAAI/AAAI14/paper/view/8424},
	year = {2014}
}

@inproceedings{KonidarisKL15,
	_crossref = {DBLP:conf/ijcai/2015},
	author = {Konidaris, George and Kaelbling, Leslie Pack and Lozano{-}P{\'e}rez, Tom{\'a}s},
	bibsource = {dblp computer science bibliography, http://dblp.org},
	biburl = {http://dblp.uni-trier.de/rec/bib/conf/ijcai/KonidarisKL15},
	booktitle = IJCAI,
	pages = {3619--3627},
	timestamp = {Wed, 20 Jul 2016 15:18:06 +0200},
	title = {{Symbol Acquisition for Probabilistic High-Level Planning}},
	url = {http://ijcai.org/Abstract/15/509},
	year = {2015}
}

@article{ArgallCVB09,
	author = {Argall, Brenna and Chernova, Sonia and Veloso, Manuela M. and Browning, Brett},
	bibsource = {dblp computer science bibliography, http://dblp.org},
	doi = {10.1016/j.robot.2008.10.024},
	journal = {Robotics and Autonomous Systems},
	number = {5},
	pages = {469--483},
	timestamp = {Tue, 16 Jun 2009 11:09:46 +0200},
	title = {{A Survey of Robot Learning from Demonstration}},
	url = {http://dx.doi.org/10.1016/j.robot.2008.10.024; http://dblp.uni-trier.de/rec/bib/journals/ras/ArgallCVB09},
	volume = {57},
	year = {2009}
}


@inproceedings{bieszczad2015neurosolver,
	author = {Bieszczad, Andrzej and Kuchar, Skyler},
	booktitle = IJCCI,
	organization = {IEEE},
	pages = {28--38},
	title = {{Neurosolver Learning to Solve Towers of Hanoi Puzzles}},
	volume = {3},
	year = {2015}
}

@inproceedings{lipovetzky2017bwfs,
	author = {Lipovetzky, Nir},
	booktitle = AAAI,
	title = {{Best-First Width Search: Exploration and Exploitation in Classical Planning }},
	year = {2017}
}

@inproceedings{Asai2017b,
	address = {Pittsburgh, USA},
	author = {Asai, Masataro and Fukunaga, Alex},
	booktitle = ICAPS,
	month = {June},
	title = {{Exploration Among and Within Plateaus in Greedy Best-First Search}},
	year = {2017}
}

@inproceedings{vincent2008extracting,
	author = {Vincent, Pascal and Larochelle, Hugo and Bengio, Yoshua and Manzagol, Pierre-Antoine},
	booktitle = ICML,
	organization = {ACM},
	pages = {1096--1103},
	title = {{Extracting and Composing Robust Features with Denoising Autoencoders}},
	year = {2008}
}

@inproceedings{Reinefeld93,
	_crossref = {DBLP:conf/ijcai/1993},
	author = {Reinefeld, Alexander},
	bibsource = {dblp computer science bibliography, http://dblp.org},
	biburl = {http://dblp.uni-trier.de/rec/bib/conf/ijcai/Reinefeld93},
	booktitle = IJCAI,
	pages = {248--253},
	timestamp = {Tue, 19 Jul 2016 14:12:43 +0200},
	title = {{Complete Solution of the Eight-Puzzle and the Benefit of Node Ordering in {IDA*}}},
	url = {http://ijcai.org/Proceedings/93-1/Papers/035.pdf},
	year = {1993}
}

@inproceedings{BarbuNS10,
	_crossref = {DBLP:conf/icra/2010},
	author = {Barbu, Andrei and Narayanaswamy, Siddharth and Siskind, Jeffrey Mark},
	bibsource = {dblp computer science bibliography, http://dblp.org},
	biburl = {http://dblp.uni-trier.de/rec/bib/conf/icra/BarbuNS10},
	booktitle = ICRA,
	doi = {10.1109/ROBOT.2010.5509925},
	pages = {1879--1886},
	timestamp = {Thu, 26 Aug 2010 06:01:49 +0200},
	title = {{Learning Physically-Instantiated Game Play through Visual Observation}},
	url = {http://dx.doi.org/10.1109/ROBOT.2010.5509925},
	year = {2010}
}

@article{kirk2016learning,
	author = {Kirk, James R and Laird, John E},
	journal = {Advances in Cognitive Systems},
	title = {{Learning General and Efficient Representations of Novel Games Through Interactive Instruction}},
	volume = {4},
	year = {2016}
}

@inproceedings{Kaiser12,
	_crossref = {DBLP:conf/aaai/2012},
	author = {Kaiser, Lukasz},
	bibsource = {dblp computer science bibliography, http://dblp.org},
	booktitle = AAAI,
	timestamp = {Thu, 31 Jul 2014 11:17:14 +0200},
	title = {{Learning Games from Videos Guided by Descriptive Complexity}},
	url = {http://www.aaai.org/ocs/index.php/AAAI/AAAI12/paper/view/5091; http://dblp.uni-trier.de/rec/bib/conf/aaai/Kaiser12},
	year = {2012}
}

@inproceedings{luck2014latent,
	author = {Luck, Kevin Sebastian and Neumann, Gerhard and Berger, Erik and Peters, Jan and Amor, Heni Ben},
	booktitle = IROS,
	organization = {IEEE},
	pages = {1434--1440},
	title = {{Latent Space Policy Search for Robotics}},
	year = {2014}
}

@inproceedings{sievers2012efficient,
	author = {Sievers, Silvan and Ortlieb, Manuela and Helmert, Malte},
	booktitle = SOCS,
	title = {{Efficient Implementation of Pattern Database Heuristics for Classical Planning.}},
	year = {2012}
}

@inproceedings{konidaris2009efficient,
	author = {Konidaris, George and Barto, Andrew G},
	booktitle = IJCAI,
	pages = {1107--1112},
	title = {{Efficient Skill Learning using Abstraction Selection.}},
	volume = {9},
	year = {2009}
}

@inproceedings{konidaris2009skill,
	author = {Konidaris, George and Barto, Andrew G},
	booktitle = NIPS,
	pages = {1015--1023},
	title = {{Skill Discovery in Continuous Reinforcement Learning Domains using Skill Chaining}},
	year = {2009}
}

@incollection{Steels2008,
	author = {Steels, Luc},
	booktitle = {{Symbols and Embodiment}},
	editor = {de Vega, Manuel and Glenberg, Arthur and Graesser, Arthur},
	publisher = {Oxford University Press},
	title = {{The Symbol Grounding Problem has been Solved. So What's Next?}},
	year = 2008
}

@inproceedings{phillips2014pa,
	author = {Phillips, Mike and Likhachev, Maxim and Koenig, Sven},
	booktitle = ICAPS,
	title = {{{PA* SE}: Parallel {A*} for Slow Expansions.}},
	year = {2014}
}

@inproceedings{botea2013multi,
	author = {Botea, Adi and Nikolova, Evdokia and Berlingerio, Michele},
	booktitle = ICAPS,
	title = {{Multi-Modal Journey Planning in the Presence of Uncertainty.}},
	year = {2013}
}

@inproceedings{kishimoto2016combining,
	author = {Kishimoto, Akihiro and Botea, Adi and Daly, Elizabeth},
	booktitle = ECAI,
	organization = {IOS Press},
	pages = {295},
	title = {{Combining Deterministic and Nondeterministic Search for Optimal Journey Planning Under Uncertainty}},
	volume = {285},
	year = {2016}
}

@inproceedings{haslum2001heuristic,
	author = {Haslum, Patrik and Geffner, H{\'e}ctor},
	booktitle = ECP,
	title = {{Heuristic Planning with Time and Resources}},
	year = {2001}
}

@inproceedings{yoshizumi2000partial,
	author = {Yoshizumi, Takayuki and Miura, Teruhisa and Ishida, Toru},
	booktitle = AAAI,
	pages = {923--929},
	title = {{A* with Partial Expansion for Large Branching Factor Problems.}},
	year = {2000}
}

@inproceedings{BoteaB2015,
	author = {Botea, A. and Braghin, S.},
	booktitle = ICAPS,
	pages = {268--272},
	title = {{Contingent versus Deterministic Plans in Multi-Modal Journey Planning}},
	year = 2015
}

@inproceedings{KishimotoN2016,
	author = {Kishimoto, A. and Nagano, K.},
	booktitle = ICAPS,
	pages = {495--503},
	title = {{Evaluation of Auction-Based Multi-Robot Routing by Parallel Simulation}},
	year = 2016
}

@inproceedings{KishimotoS2008,
	author = {Kishimoto, A and Sturtevant:, N.},
	booktitle = AAMAS,
	pages = {1585--1588},
	title = {{Optimized Algorithms for Multi-Agent Routing}},
	year = 2008
}

@inproceedings{ioffe2015batch,
	author = {Ioffe, Sergey and Szegedy, Christian},
	booktitle = ICML,
	pages = {448--456},
	title = {{Batch Normalization: Accelerating Deep Network Training by Reducing Internal Covariate Shift}},
	year = {2015}
}

@inproceedings{lake2013one,
	author = {Lake, Brenden M and Salakhutdinov, Ruslan R and Tenenbaum, Josh},
	booktitle = {{Advances in neural information processing systems}},
	pages = {2526--2534},
	title = {{One-shot learning by inverting a compositional causal process}},
	year = {2013}
}

@inproceedings{bonet2013admissible,
	author = {Bonet, Blai},
	booktitle = IJCAI,
	title = {{An Admissible Heuristic for SAS+ Planning Obtained from the State Equation.}},
	year = {2013}
}

@inproceedings{RichterH2009,
	author = {Richter, S. and Helmert, M.},
	booktitle = ICAPS,
	pages = {273--280},
	title = {{Preferred Operators and Deferred Evaluation in Satisficing Planning}},
	year = 2009
}

@inproceedings{SturtevantTTUKS15,
	author = {Sturtevant, Nathan R. and Traish, Jason M. and Tulip, James R. and Uras, Tansel and Koenig, Sven and Strasser, Ben and Botea, Adi and Harabor, Daniel and Rabin, Steve},
	booktitle = {{Proceedings of the 8th Annual Symposium on Combinatorial Search}},
	pages = {241--251},
	title = {{The Grid-Based Path Planning Competition: 2014 Entries and Results}},
	year = 2015
}

@inproceedings{helmert2007flexible,
	author = {Helmert, Malte and Haslum, Patrik and Hoffmann, J{\"o}rg},
	booktitle = ICAPS,
	pages = {176--183},
	title = {{Flexible Abstraction Heuristics for Optimal Sequential Planning}},
	year = {2007}
}

@inproceedings{keller2013trial,
	author = {Keller, Thomas and Helmert, Malte},
	booktitle = ICAPS,
	title = {{Trial-Based Heuristic Tree Search for Finite Horizon MDPs.}},
	year = {2013}
}

@inproceedings{lelis2013stratified,
	author = {Lelis, Levi HS and Zilles, Sandra and Holte, Robert C},
	booktitle = AAMAS,
	organization = {International Foundation for Autonomous Agents and Multiagent Systems},
	pages = {555--562},
	title = {{Stratified Tree Search: A Novel Suboptimal Heuristic Search Algorithm}},
	year = {2013}
}

@inproceedings{xie14ipc,
	author = {Xie, Fan and M{\"u}ller, Martin and Holte},
	booktitle = IPC,
	pages = {39--42},
	title = {{Jasper: The Art of Exploration in Greedy Best-First Search}},
	year = 2014
}

@inproceedings{rieffel2014parametrized,
	author = {Rieffel, Eleanor G and Venturelli, Davide and Do, Minh and Hen, Itay and Frank, Jeremy},
	booktitle = AAAI,
	pages = {2337--2343},
	title = {{Parametrized Families of Hard Planning Problems from Phase Transitions.}},
	year = {2014}
}

@inproceedings{lipovetzky2012width,
	author = {Lipovetzky, Nir and Geffner, H{\'e}ctor},
	booktitle = ECAI,
	pages = {20th},
	title = {{Width and Serialization of Classical Planning Problems.}},
	volume = {2012},
	year = {2012}
}

@inproceedings{CresswellG11,
	_crossref = {DBLP:conf/aips/2011},
	author = {Cresswell, Stephen and Gregory, Peter},
	bibsource = {dblp computer science bibliography, http://dblp.org},
	biburl = {http://dblp.uni-trier.de/rec/bib/conf/aips/CresswellG11},
	booktitle = ICAPS,
	timestamp = {Tue, 28 Jun 2011 14:30:02 +0200},
	title = {{Generalised Domain Model Acquisition from Action Traces}},
	url = {http://aaai.org/ocs/index.php/ICAPS/ICAPS11/paper/view/2712},
	year = 2011
}

@inproceedings{GregoryC15,
	_crossref = {DBLP:conf/aips/2015},
	author = {Gregory, Peter and Cresswell, Stephen},
	bibsource = {dblp computer science bibliography, http://dblp.org},
	biburl = {http://dblp.uni-trier.de/rec/bib/conf/aips/GregoryC15},
	booktitle = ICAPS,
	pages = {97--105},
	timestamp = {Tue, 26 May 2015 21:11:05 +0200},
	title = {{Domain Model Acquisition in the Presence of Static Relations in the {LOP} System}},
	url = {http://www.aaai.org/ocs/index.php/ICAPS/ICAPS15/paper/view/10621},
	year = 2015
}

@inproceedings{salimans2016improved,
	author = {Salimans, Tim and Goodfellow, Ian and Zaremba, Wojciech and Cheung, Vicki and Radford, Alec and Chen, Xi},
	booktitle = NIPS,
	pages = {2226--2234},
	title = {{Improved Techniques for Training Gans}},
	year = {2016}
}

@inproceedings{yuen2011survey,
	author = {Yuen, Man-Ching and King, Irwin and Leung, Kwong-Sak},
	booktitle = {{Privacy, Security, Risk and Trust (PASSAT) and 2011 IEEE Third Inernational Conference on Social Computing (SocialCom), 2011 IEEE Third International Conference on}},
	organization = {IEEE},
	pages = {766--773},
	title = {{A Survey of Crowdsourcing Systems}},
	year = {2011}
}

@inproceedings{maddison2014sampling,
	author = {Maddison, Chris J and Tarlow, Daniel and Minka, Tom},
	booktitle = NIPS,
	pages = {3086--3094},
	title = {{A* sampling}},
	year = {2014}
}

@article{gumbel1954statistical,
	author = {Gumbel, Emil Julius and Lieblein, Julius},
	publisher = {US Government Printing Office Washington},
	title = {{Statistical theory of extreme values and some practical applications: A series of lectures}},
	year = {1954}
}

@inproceedings{Helmert04,
	author = {Helmert, Malte},
	bibsource = {dblp computer science bibliography, http://dblp.org},
	biburl = {http://dblp.uni-trier.de/rec/bib/conf/aips/Helmert04},
	booktitle = ICAPS,
	pages = {161--170},
	timestamp = {Thu, 13 Dec 2012 14:15:16 +0100},
	title = {{A Planning Heuristic Based on Causal Graph Analysis}},
	url = {http://www.aaai.org/Library/ICAPS/2004/icaps04-021.php},
	year = {2004}
}

@inproceedings{robinson2014query,
	author = {Robinson, Nathan and McIlraith, Sheila A and Toman, David},
	booktitle = AAAI,
	title = {{Cost-Based Query Optimization via AI Planning}},
	year = {2014}
}

@inproceedings{lipovetzky2017bwfs,
	author = {Lipovetzky, Nir},
	booktitle = AAAI,
	title = {{Best-First Width Search: Exploration and Exploitation in Classical Planning }},
	year = {2017}
}

@inproceedings{coles2007new,
	author = {Coles, Andrew and Fox, Maria and Smith, Amanda},
	booktitle = ICAPS,
	pages = {89--96},
	title = {{A New Local-Search Algorithm for Forward-Chaining Planning.}},
	year = {2007}
}

@article{witten1981diffusion,
	author = {{Witten Jr}, TA and Sander, Leonard M},
	journal = {Physical review letters},
	number = {19},
	pages = {1400},
	publisher = {APS},
	title = {{Diffusion-Limited Aggregation, a Kinetic Critical Phenomenon}},
	volume = {47},
	year = {1981}
}

@inproceedings{cohen2017problem,
	author = {Cohen, Eldan and Beck, J Christopher},
	booktitle = AAAI,
	title = {{Problem Difficulty and the Phase Transition in Heuristic Search}},
	year = {2017}
}

@inproceedings{velloso2008percolation,
	author = {Velloso, Bruno Panerai and Roisemberg, Mauro},
	booktitle = {{Proc. ACM Symposium on Applied Computing}},
	organization = {ACM},
	pages = {1861--1865},
	title = {{Percolation Analyses in a Swarm Based Algorithm for Shortest-Path Finding}},
	year = {2008}
}

@inproceedings{lindsay2017framer,
	author = {Lindsay, Alan and Read, Jonathon and Ferreira, Joao F and Hayton, Thomas and Porteous, Julie and Gregory, Peter J},
	booktitle = ICAPS,
	title = {{Framer: Planning Models from Natural Language Action Descriptions}},
	year = {2017}
}

@inproceedings{elkan2008learning,
	author = {Elkan, Charles and Noto, Keith},
	booktitle = {{Proceedings of the 14th ACM SIGKDD international conference on Knowledge discovery and data mining}},
	organization = {ACM},
	pages = {213--220},
	title = {{Learning Classifiers from Only Positive and Unlabeled Data}},
	year = {2008}
}

@inproceedings{frances2017purely,
	author = {Frances, Guillem and Ram{\i}rez, Miquel and Lipovetzky, Nir and Geffner, Hector},
	booktitle = IJCAI,
	pages = {4294--4301},
	title = {{Purely Declarative Action Representations are Overrated: Classical Planning with Simulators}},
	url = {https://doi.org/10.24963/ijcai.2017/600},
	year = {2017}
}

@inproceedings{minato1993zero,
  title={{Zero-suppressed BDDs for Set Manipulation in Combinatorial Problems}},
  author={Minato, Shin-ichi},
  booktitle={Proceedings of the 30th international Design Automation Conference},
  pages={272--277},
  year={1993},
  organization={ACM}
}

@inproceedings{haslum2007reducing,
  title={{Reducing Accidental Complexity in Planning Problems.}},
  author={Haslum, Patrik},
  booktitle=IJCAI,
  pages={1898--1903},
  year={2007}
}

@unpublished{lightsout,
	title = {{Lights Out (game)}},
	author = {{Wikipedia}},
	note = {\url{https://en.wikipedia.org/w/index.php?title=Lights_Out_(game)&oldid=843196564}},
        year = {2018}
}

@inproceedings{johnson2017clevr,
  title={{CLEVR: A diagnostic dataset for compositional language and elementary visual reasoning}},
  author={Johnson, Justin and Hariharan, Bharath and van der Maaten, Laurens and Fei-Fei, Li and Zitnick, C Lawrence and Girshick, Ross},
  booktitle=CVPR,
  pages={1988--1997},
  year={2017},
  organization={IEEE}
}


@inproceedings{le1989handwritten,
	author = {{Le Cun}, Yan and Boser, B and Denker, JS and Henderson, D and Howard, RE and Hubbard, W and Jackel, LD},
	booktitle = NIPS,
	organization = {MIT Press},
	pages = {396--404},
	title = {{Handwritten Digit Recognition with a Back-Propagation Network}},
	year = {1989}
}

@inproceedings{szegedy2015going,
	author = {Szegedy, Christian and Liu, Wei and Jia, Yangqing and Sermanet, Pierre and Reed, Scott and Anguelov, Dragomir and Erhan, Dumitru and Vanhoucke, Vincent and Rabinovich, Andrew},
	booktitle = CVPR,
	pages = {1--9},
	title = {{Going Deeper with Convolutions}},
	year = {2015}
}

@inproceedings{he2016deep,
	author = {He, Kaiming and Zhang, Xiangyu and Ren, Shaoqing and Sun, Jian},
	booktitle = CVPR,
	pages = {770--778},
	title = {{Deep Residual Learning for Image Recognition}},
	year = {2016}
}

@inproceedings{li2015hierarchical,
	author = {Li, Jiwei and Luong, Minh-Thang and Jurafsky, Dan},
	booktitle = ACL,
	title = {{A Hierarchical Neural Autoencoder for Paragraphs and Documents}},
	year = {2015}
}

@inproceedings{deng2010binary,
	author = {Deng, Li and Seltzer, Michael L and Yu, Dong and Acero, Alex and Mohamed, Abdel-rahman and Hinton, Geoffrey E},
	booktitle = {{Interspeech}},
	organization = {Citeseer},
	pages = {1692--1695},
	title = {{Binary Coding of Speech Spectrograms using a Deep Auto-Encoder}},
	year = {2010}
}

@inproceedings{ioffes15,
  author    = {Sergey Ioffe and
               Christian Szegedy},
  title     = {Batch Normalization: Accelerating Deep Network Training by Reducing
               Internal Covariate Shift},
  booktitle = ICML,
  pages     = {448--456},
  year      = {2015},
  crossref  = {DBLP:conf/icml/2015},
  url       = {http://jmlr.org/proceedings/papers/v37/ioffe15.html},
  timestamp = {Wed, 29 Mar 2017 16:45:25 +0200},
  biburl    = {https://dblp.org/rec/bib/conf/icml/IoffeS15},
  bibsource = {dblp computer science bibliography, https://dblp.org}
}

@inproceedings{deng2009imagenet,
	author = {Deng, Jia and Dong, Wei and Socher, Richard and Li, Li-Jia and Li, Kai and Fei-Fei, Li},
	booktitle = CVPR,
	organization = {IEEE},
	pages = {248--255},
	title = {{ImageNet: A Large-Scale Hierarchical Image Database}},
	year = {2009}
}

@inproceedings{ren2015faster,
	author = {Ren, Shaoqing and He, Kaiming and Girshick, Ross and Sun, Jian},
	booktitle = NIPS,
	pages = {91--99},
	title = {{Faster R-CNN: Towards Real-time Object Detection with Region Proposal Networks}},
	year = {2015}
}

@inproceedings{deng2013new,
	author = {Deng, Li and Hinton, Geoffrey and Kingsbury, Brian},
	booktitle = ICASSP,
	organization = {IEEE},
	pages = {8599--8603},
	title = {{New Types of Deep Neural Network Learning for Speech Recognition and Related Applications: An Overview}},
	year = {2013}
}

@article{kingma2014adam,
	author = {Kingma, Diederik and Ba, Jimmy},
	journal = {arXiv preprint arXiv:1412.6980},
	title = {{Adam: A Method for Stochastic Optimization}},
	year = {2014}
}

@inproceedings{kingma2013auto,
	author = {Kingma, Diederik P and Welling, Max},
	booktitle = ICLR,
	title = {{Auto-Encoding Variational Bayes}},
	year = {2013}
}

@inproceedings{goodfellow2014generative,
	author = {Goodfellow, Ian and Pouget-Abadie, Jean and Mirza, Mehdi and Xu, Bing and Warde-Farley, David and Ozair, Sherjil and Courville, Aaron and Bengio, Yoshua},
	booktitle = NIPS,
	pages = {2672--2680},
	title = {{Generative Adversarial Nets}},
	year = {2014}
}

@article{makhzani2015adversarial,
	author = {Makhzani, Alireza and Shlens, Jonathon and Jaitly, Navdeep and Goodfellow, Ian and Frey, Brendan},
	journal = {arXiv preprint arXiv:1511.05644},
	title = {{Adversarial Autoencoders}},
	year = {2015}
}

@inproceedings{jang2016categorical,
	author = {Jang, Eric and Gu, Shixiang and Poole, Ben},
	booktitle = ICLR,
	title = {{Categorical Reparameterization with Gumbel-Softmax}},
	year = {2017}
}

@inproceedings{MaddisonMT17,
	author = {Maddison, Chris J. and Mnih, Andriy and Teh, Yee Whye},
	booktitle = ICLR,
	title = {{The Concrete Distribution: A Continuous Relaxation of Discrete Random Variables}},
	year = {2017}
}

@inproceedings{srivastava2015unsupervised,
	author = {Srivastava, Nitish and Mansimov, Elman and Salakhudinov, Ruslan},
	booktitle = ICML,
	pages = {843--852},
	title = {{Unsupervised Learning of Video Representations using LSTMs}},
	year = {2015}
}

@inproceedings{redmon2016you,
  title={{You Only Look Once: Unified, Real-Time Object Detection}},
  author={Redmon, Joseph and Divvala, Santosh and Girshick, Ross and Farhadi, Ali},
  booktitle=CVPR,
  pages={779--788},
  year={2016}
}


@article{bahdanau2017neural,
  title={{Neural Machine Translation by Jointly Learning to Align and Translate}},
  author={Bahdanau, Dzmitry and Cho, KyungHyun and Bengio, Yoshua},
  year={2015},
  booktitle=ICLR,
}

@inproceedings{mnih2014recurrent,
  title={Recurrent Models of Visual Attention},
  author={Mnih, Volodymyr and Heess, Nicolas and Graves, Alex},
  booktitle=NIPS,
  pages={2204--2212},
  year={2014}
}
@inproceedings{xu2015show,
  title={Show, attend and tell: Neural image caption generation with visual attention},
  author={Xu, Kelvin and Ba, Jimmy and Kiros, Ryan and Cho, Kyunghyun and Courville, Aaron and Salakhudinov, Ruslan and Zemel, Rich and Bengio, Yoshua},
  booktitle=ICML,
  pages={2048--2057},
  year={2015}
}

@inproceedings{hudson2018compositional,
  title={{Compositional Attention Networks for Machine Reasoning}},
  author={Hudson, Drew A and Manning, Christopher D},
  booktitle=ICLR,
  year={2018}
}

@inproceedings{HubaraCSEB16,
  author    = {Itay Hubara and
               Matthieu Courbariaux and
               Daniel Soudry and
               Ran El{-}Yaniv and
               Yoshua Bengio},
  title     = {{Binarized Neural Networks}},
  booktitle = {Advances in Neural Information Processing Systems 29: Annual Conference
               on Neural Information Processing Systems 2016, December 5-10, 2016,
               Barcelona, Spain},
  pages     = {4107--4115},
  year      = {2016},
  crossref  = {DBLP:conf/nips/2016},
  url       = {http://papers.nips.cc/paper/6573-binarized-neural-networks},
  timestamp = {Fri, 03 Mar 2017 14:59:41 +0100},
  biburl    = {https://dblp.org/rec/bib/conf/nips/HubaraCSEB16},
  bibsource = {dblp computer science bibliography, https://dblp.org}
}
@inproceedings{rastegari2016xnor,
  title={{XNOR-net: Imagenet Classification using Binary Convolutional Neural Networks}},
  author={Rastegari, Mohammad and Ordonez, Vicente and Redmon, Joseph and Farhadi, Ali},
  booktitle={European Conference on Computer Vision},
  pages={525--542},
  year={2016},
  organization={Springer}
}
@inproceedings{courbariaux2015binaryconnect,
  title={{Binaryconnect: Training deep neural networks with binary weights during propagations}},
  author={Courbariaux, Matthieu and Bengio, Yoshua and David, Jean-Pierre},
  booktitle={Advances in neural information processing systems},
  pages={3123--3131},
  year={2015}
}


@article{paccanaro2001learning,
  title={{Learning Distributed Representations of Concepts using Linear Relational Embedding}},
  author={Paccanaro, Alberto and Hinton, Geoffrey E.},
  journal={IEEE Transactions on Knowledge and Data Engineering},
  volume={13},
  number={2},
  pages={232--244},
  year={2001},
  publisher={IEEE}
}

@inproceedings{sutskever2009using,
  title={{Using matrices to model symbolic relationship}},
  author={Sutskever, Ilya and Hinton, Geoffrey E},
  booktitle=NIPS,
  pages={1593--1600},
  year={2009}
}

@article{zambaldi2018relational,
  title={{Relational Deep Reinforcement Learning}},
  author={Zambaldi, Vinicius and Raposo, David and Santoro, Adam and Bapst, Victor and Li, Yujia and Babuschkin, Igor and Tuyls, Karl and Reichert, David and Lillicrap, Timothy and Lockhart, Edward and others},
  journal={arXiv preprint arXiv:1806.01830},
  year={2018}
}
@article{battaglia2018relational,
  title={{Relational inductive biases, deep learning, and graph networks}},
  author={Battaglia, Peter W and Hamrick, Jessica B and Bapst, Victor and Sanchez-Gonzalez, Alvaro and Zambaldi, Vinicius and Malinowski, Mateusz and Tacchetti, Andrea and Raposo, David and Santoro, Adam and Faulkner, Ryan and others},
  journal={arXiv preprint arXiv:1806.01261},
  year={2018}
}

@inproceedings{van2018relational,
  title={{Relational Neural Expectation Maximization: Unsupervised Discovery of Objects and their Interactions}},
  author={Sjoerd van Steenkiste and Chang, Michael and Greff, Klaus and Schmidhuber, J{\"u}rgen},
  journal=ICLR,
  year={2018}
}

@inproceedings{santoro2017simple,
  title={{A Simple Neural Network Module for Relational Reasoning}},
  author={Santoro, Adam and Raposo, David and Barrett, David G and Malinowski, Mateusz and Pascanu, Razvan and Battaglia, Peter and Lillicrap, Tim},
  booktitle={Advances in neural information processing systems},
  pages={4967--4976},
  year={2017}
}

@article{guttenberg2016permutation,
  title={{Permutation-Equivariant Neural Networks Applied to Dynamics Prediction}},
  author={Guttenberg, Nicholas and Virgo, Nathaniel and Witkowski, Olaf and Aoki, Hidetoshi and Kanai, Ryota},
  journal={arXiv preprint arXiv:1612.04530},
  year={2016}
}
@article{ravanbakhsh2016deep,
  title={{Deep Learning with Sets and Point Clouds}},
  author={Ravanbakhsh, Siamak and Schneider, Jeff and Poczos, Barnabas},
  journal={arXiv preprint arXiv:1611.04500},
  year={2016}
}
@inproceedings{zaheer2017deep,
  title={{Deep Sets}},
  author={Zaheer, Manzil and Kottur, Satwik and Ravanbakhsh, Siamak and Poczos, Barnabas and Salakhutdinov, Ruslan R and Smola, Alexander J},
  booktitle=NIPS,
  pages={3391--3401},
  year={2017}
}
@article{probst2018set,
  title={{The Set Autoencoder: Unsupervised Representation Learning for Sets}},
  author={Probst, Malte},
  year={2018},
  note={A rejected submission to ICLR2018.}
}

@article{adams2011ranking,
  title={{Ranking via Sinkhorn Propagation}},
  author={Adams, Ryan Prescott and Zemel, Richard S},
  journal={arXiv preprint arXiv:1106.1925},
  year={2011}
}
@inproceedings{santa2017deeppermnet,
  title={{DeepPermNet: Visual Permutation Learning}},
  author={Santa Cruz, Rodrigo and Fernando, Basura and Cherian, Anoop and Gould, Stephen},
  booktitle=CVPR,
  pages={6044--6052},
  year={2017},
  organization={IEEE}
}
@inproceedings{mena2018learning,
  title={{Learning Latent Permutations with Gumbel-Sinkhorn Networks}},
  author={Gonzalo Mena and David Belanger and Scott Linderman and Jasper Snoek},
  booktitle=ICLR,
  year={2018},
  url={https://openreview.net/forum?id=Byt3oJ-0W},
}

@article{huttenlocher1993comparing,
  title={{Comparing Images using the Hausdorff Distance}},
  author={Huttenlocher, Daniel P. and Klanderman, Gregory A. and Rucklidge, William J},
  journal={IEEE Transactions on Pattern Analysis and Machine Intelligence},
  volume={15},
  number={9},
  pages={850--863},
  year={1993},
  publisher={IEEE}
}
@inproceedings{dubuisson1994modified,
  title={{A Modified Hausdorff Distance for Object Matching}},
  author={Dubuisson, M-P and Jain, Anil K},
  booktitle={Proceedings of 12th International Conference on Pattern Recognition},
  pages={566--568},
  year={1994},
  organization={IEEE}
}
@inproceedings{piramuthu1999hausdorff,
  title={{The Hausdorff Distance Measure for Feature Selection in Learning Applications}},
  author={Piramuthu, Selwyn},
  booktitle={Systems Sciences, 1999. HICSS-32. Proceedings of the 32nd Annual Hawaii International Conference on},
  pages={6--pp},
  year={1999},
  organization={IEEE}
}
@article{fujita2013metrics,
  title={{Metrics Based on Average Distance between Sets}},
  author={Fujita, Osamu},
  journal={Japan Journal of Industrial and Applied Mathematics},
  volume={30},
  number={1},
  pages={1--19},
  year={2013},
  publisher={Springer}
}
@inproceedings{mao2017s2jsd,
  title={{S2JSD-LSH: A Locality-Sensitive Hashing Schema for Probability Distributions.}},
  author={Mao, Xianling and Feng, Bo-Si and Hao, Yi-Jing and Nie, Liqiang and Huang, Heyan and Wen, Guihua},
  booktitle=AAAI,
  pages={3244--3251},
  year={2017}
}
@article{endres2003new,
  title={{A New Metric for Probability Distributions}},
  author={Endres, Dominik Maria and Schindelin, Johannes E},
  journal={IEEE Transactions on Information theory},
  year={2003}
}

@article{bouchard2015approximate,
  title={{On Approximate Reasoning Capabilities of Low-Rank Vector Spaces}},
  author={Bouchard, Guillaume and Singh, Sameer and Trouillon, Theo},
  journal={AAAI Spring Syposium on Knowledge Representation and Reasoning (KRR): Integrating Symbolic and Neural Approaches},
  year={2015}
}
@techreport{shapenet2015,
  title       = {{ShapeNet: An Information-Rich 3D Model Repository}},
  author      = {Chang, Angel X. and Funkhouser, Thomas and Guibas, Leonidas and Hanrahan, Pat and Huang, Qixing and Li, Zimo and Savarese, Silvio and Savva, Manolis and Song, Shuran and Su, Hao and Xiao, Jianxiong and Yi, Li and Yu, Fisher},
  number      = {arXiv:1512.03012 [cs.GR]},
  institution = {Stanford University --- Princeton University --- Toyota Technological Institute at Chicago},
  year        = {2015}
}
@inproceedings{indyk1998approximate,
  title={{Approximate Nearest Neighbors: Towards Removing the Curse of Dimensionality}},
  author={Indyk, Piotr and Motwani, Rajeev},
  booktitle={Proceedings of the thirtieth annual ACM symposium on Theory of computing},
  pages={604--613},
  year={1998},
  organization={ACM}
}
@article{vinyals2016order,
  title={{Order Matters: Sequence to Sequence for Sets}},
  author={Vinyals, Oriol and Bengio, Samy and Kudlur, Manjunath},
  journal=ICLR,
  year={2016}
}
@inproceedings{vinyals15pointer,
  author    = {Oriol Vinyals and
               Meire Fortunato and
               Navdeep Jaitly},
  title     = {Pointer Networks},
  booktitle = NIPS,
  pages     = {2692--2700},
  year      = {2015},
  crossref  = {DBLP:conf/nips/2015},
  url       = {http://papers.nips.cc/paper/5866-pointer-networks},
  timestamp = {Fri, 08 Apr 2016 19:32:53 +0200},
  biburl    = {https://dblp.org/rec/bib/conf/nips/VinyalsFJ15},
  bibsource = {dblp computer science bibliography, https://dblp.org}
}
@article{zhu2016deep,
  title={{Deep Learning Representation using Autoencoder for 3D Shape Retrieval}},
  author={Zhu, Zhuotun and Wang, Xinggang and Bai, Song and Yao, Cong and Bai, Xiang},
  journal={Neurocomputing},
  volume={204},
  pages={41--50},
  year={2016},
  publisher={Elsevier}
}

@article{rubner2000earth,
  title={{The Earth Mover's Distance as a Metric for Image Retrieval}},
  author={Rubner, Yossi and Tomasi, Carlo and Guibas, Leonidas J},
  journal={International journal of computer vision},
  volume={40},
  number={2},
  pages={99--121},
  year={2000},
  publisher={Springer}
}

@inproceedings{Asai2018,
	author = {Asai, Masataro and Fukunaga, Alex},
	bibsource = {dblp computer science bibliography, https://dblp.org},
	biburl = {https://dblp.org/rec/bib/conf/aaai/AsaiF18},
	booktitle = AAAI,
	crossref = {DBLP:conf/aaai/2018},
	timestamp = {Thu, 03 May 2018 17:03:19 +0200},
	title = {{Classical Planning in Deep Latent Space: Bridging the Subsymbolic-Symbolic Boundary}},
	url = {https://www.aaai.org/ocs/index.php/AAAI/AAAI18/paper/view/16302},
	year = {2018}
}

@inproceedings{amado2018goal,
  title={{Goal Recognition in Latent Space}},
  author={Amado, Leonardo and Pereira, Ramon Fraga and Aires, Joao and Magnaguagno, Mauricio and Granada, Roger and Meneguzzi, Felipe},
  booktitle = IJCNN,
  year = 2018,
}

@inproceedings{kurutach2018learning,
  title={{Learning Plannable Representations with Causal InfoGAN}},
  author={Kurutach, Thanard and Tamar, Aviv and Yang, Ge and Russell, Stuart and Abbeel, Pieter},
  booktitle = {{In Proceedings of ICML / IJCAI / AAMAS 2018 Workshop on Planning and Learning (PAL-18)}},
  year={2018}
}


@inproceedings{manhaeve2018deepproblog,
  title={{DeepProbLog: Neural Probabilistic Logic Programming}},
  author={Manhaeve, Robin and Duman{\v{c}}i{\'c}, Sebastijan and Kimmig, Angelika and Demeester, Thomas and De Raedt, Luc},
  booktitle=NIPS,
  year={2018}
}

@article{campero2018logical,
  title={{Logical Rule Induction and Theory Learning Using Neural Theorem Proving}},
  author={Campero, Andres and Pareja, Aldo and Klinger, Tim and Tenenbaum, Josh and Riedel, Sebastian},
  journal={arXiv preprint arXiv:1809.02193},
  year={2018}
}

@incollection{rocktaschel2017end,
title = {{End-to-end Differentiable Proving}},
author = {Rockt\"{a}schel, Tim and Riedel, Sebastian},
booktitle = NIPS,
editor = {I. Guyon and U. V. Luxburg and S. Bengio and H. Wallach and R. Fergus and S. Vishwanathan and R. Garnett},
pages = {3788--3800},
year = {2017},
publisher = {Curran Associates, Inc.},
url = {http://papers.nips.cc/paper/6969-end-to-end-differentiable-proving.pdf}
}
